<?xml version="1.0" encoding="UTF-8"?>
<OAI-PMH xmlns="http://www.openarchives.org/OAI/2.0/" xmlns:xsi="http://www.w3.org/2001/XMLSchema-instance" xsi:schemaLocation="http://www.openarchives.org/OAI/2.0/ http://www.openarchives.org/OAI/2.0/OAI-PMH.xsd">
<ListRecords>
<record>
<header status="updated">
<identifier>urm_publish:71282787010002121</identifier>
</header>
<metadata>
<record xmlns="http://www.loc.gov/MARC21/slim" xmlns:xsi="http://www.w3.org/2001/XMLSchema-instance" xsi:schemaLocation="http://www.loc.gov/MARC21/slim http://www.loc.gov/standards/marcxml/schema/MARC21slim.xsd" ><leader>01933cas a2200529 a 4500</leader><controlfield tag="005">20170822134219.0</controlfield><controlfield tag="008">810518c19169999wiumx p       0   a0eng d</controlfield><controlfield tag="001">999548594902121</controlfield><datafield tag="010" ind1=" " ind2=" "><subfield code="a">###15022120#</subfield><subfield code="z">sn 85005241 </subfield></datafield><datafield tag="012" ind1=" " ind2=" "><subfield code="i">8806</subfield><subfield code="j">0</subfield><subfield code="k">1</subfield><subfield code="l">1</subfield><subfield code="m">1</subfield></datafield><datafield tag="022" ind1="0" ind2=" "><subfield code="a">0027-3597</subfield><subfield code="2">1</subfield></datafield><datafield tag="032" ind1=" " ind2=" "><subfield code="a">368240</subfield><subfield code="b">USPS</subfield></datafield><datafield tag="035" ind1=" " ind2=" "><subfield code="a">(OCoLC)ocm07428383</subfield></datafield><datafield tag="035" ind1=" " ind2=" "><subfield code="9">AES7644UW</subfield></datafield><datafield tag="035" ind1=" " ind2=" "><subfield code="a">833056</subfield></datafield><datafield tag="035" ind1=" " ind2=" "><subfield code="a">(WU)833056-uwmadisondb</subfield></datafield><datafield tag="037" ind1=" " ind2=" "><subfield code="b">League of Wisconsin Municipalities, 122 W. Washington Ave., Madison, WI 53703-2757</subfield></datafield><datafield tag="040" ind1=" " ind2=" "><subfield code="a">NYG</subfield><subfield code="b">eng</subfield><subfield code="c">NYG</subfield><subfield code="d">AIP</subfield><subfield code="d">NSD</subfield><subfield code="d">IUL</subfield><subfield code="d">NST</subfield><subfield code="d">DLC</subfield><subfield code="d">OCLCQ</subfield></datafield><datafield tag="042" ind1=" " ind2=" "><subfield code="a">nsdp</subfield><subfield code="a">lcd</subfield></datafield><datafield tag="043" ind1=" " ind2=" "><subfield code="a">n-us-wi</subfield></datafield><datafield tag="049" ind1=" " ind2=" "><subfield code="a">GZMA</subfield></datafield><datafield tag="050" ind1="0" ind2="0"><subfield code="a">JS39</subfield><subfield code="b">.W6</subfield></datafield><datafield tag="082" ind1="1" ind2=" "><subfield code="a">352</subfield><subfield code="2">11</subfield></datafield><datafield tag="130" ind1="0" ind2=" "><subfield code="a">Municipality (Madison, Wis. : 1916)</subfield><subfield code="2">LCNAMES</subfield></datafield><datafield tag="210" ind1="0" ind2=" "><subfield code="a">Municipality</subfield><subfield code="b">(1916)</subfield></datafield><datafield tag="222" ind1=" " ind2="4"><subfield code="a">The Municipality</subfield><subfield code="b">(1916)</subfield></datafield><datafield tag="245" ind1="1" ind2="4"><subfield code="a">The municipality /</subfield><subfield code="c">League of Wisconsin Municipalities.</subfield></datafield><datafield tag="260" ind1=" " ind2=" "><subfield code="a">[Madison, Wis.] :</subfield><subfield code="b">The League,</subfield><subfield code="c">[1916-]</subfield></datafield><datafield tag="300" ind1=" " ind2=" "><subfield code="a">volumes :</subfield><subfield code="b">illustrations ;</subfield><subfield code="c">24 cm</subfield></datafield><datafield tag="310" ind1=" " ind2=" "><subfield code="a">13 no. a year</subfield><subfield code="b">&lt;, May 1987- &gt;</subfield></datafield><datafield tag="321" ind1=" " ind2=" "><subfield code="a">Monthly,</subfield><subfield code="b">Jan. 1916-</subfield></datafield><datafield tag="336" ind1=" " ind2=" "><subfield code="a">text</subfield><subfield code="b">txt</subfield><subfield code="2">rdacontent</subfield></datafield><datafield tag="337" ind1=" " ind2=" "><subfield code="a">unmediated</subfield><subfield code="b">n</subfield><subfield code="2">rdamedia</subfield></datafield><datafield tag="338" ind1=" " ind2=" "><subfield code="a">volume</subfield><subfield code="b">nc</subfield><subfield code="2">rdacarrier</subfield></datafield><datafield tag="362" ind1="0" ind2=" "><subfield code="a">Vol. 16, no. 1 (Jan. 1916)-</subfield></datafield><datafield tag="500" ind1=" " ind2=" "><subfield code="a">Title from cover.</subfield></datafield><datafield tag="515" ind1=" " ind2=" "><subfield code="a">Publication suspended Oct. 1920-Dec. 1921, Feb. 1922-Nov. 1924.</subfield></datafield><datafield tag="515" ind1=" " ind2=" "><subfield code="a">Vol. numbering irregular: Dec. 1924 called v. 1, no. 1; Apr. 1925, v. 2, no. 1; Jan./Feb. 1926- v. 21, no. 1-</subfield></datafield><datafield tag="550" ind1=" " ind2=" "><subfield code="a">Official publication of: the League of Wisconsin Municipalities.</subfield></datafield><datafield tag="650" ind1=" " ind2="0"><subfield code="a">Municipal government</subfield><subfield code="v">Periodicals.</subfield><subfield code="2">LCSH</subfield><subfield code="0">41-LIBRARY_OF_CONGRESS-sh2008108073</subfield><subfield code="9">Y</subfield></datafield><datafield tag="650" ind1=" " ind2="0"><subfield code="a">Municipal government</subfield><subfield code="z">Wisconsin</subfield><subfield code="v">Periodicals.</subfield><subfield code="2">LCSH</subfield><subfield code="0">41-LIBRARY_OF_CONGRESS-sh 85088468</subfield><subfield code="9">Y</subfield></datafield><datafield tag="650" ind1=" " ind2="0"><subfield code="a">Cities and towns</subfield><subfield code="z">Wisconsin</subfield><subfield code="v">Periodicals.</subfield><subfield code="2">LCSH</subfield><subfield code="0">41-LIBRARY_OF_CONGRESS-sh 85026130</subfield><subfield code="9">Y</subfield></datafield><datafield tag="710" ind1="2" ind2=" "><subfield code="a">League of Wisconsin Municipalities.</subfield><subfield code="2">LCNAMES</subfield><subfield code="0">41-LIBRARY_OF_CONGRESS-n  83046054</subfield><subfield code="9">Y</subfield></datafield><datafield tag="780" ind1="0" ind2="0"><subfield code="t">Wisconsin municipality (Madison, Wis. : 1914)</subfield><subfield code="w">(OCoLC)07474115</subfield></datafield><datafield tag="850" ind1=" " ind2=" "><subfield code="a">CoU</subfield><subfield code="a">DLC</subfield><subfield code="a">InU</subfield><subfield code="a">ViU</subfield></datafield><datafield tag="994" ind1=" " ind2=" "><subfield code="a">C0</subfield><subfield code="b">GZM</subfield></datafield><datafield tag="997" ind1=" " ind2=" "><subfield code="a">MARCIVE</subfield></datafield><datafield tag="650" ind1=" " ind2="0"><subfield code="a">Global cities</subfield><subfield code="2">LCSH</subfield><subfield code="0">41-LIBRARY_OF_CONGRESS-sh 85026130</subfield><subfield code="9">N</subfield></datafield><datafield tag="650" ind1=" " ind2="0"><subfield code="a">Municipalities</subfield><subfield code="2">LCSH</subfield><subfield code="0">41-LIBRARY_OF_CONGRESS-sh 85026130</subfield><subfield code="9">N</subfield></datafield><datafield tag="650" ind1=" " ind2="0"><subfield code="a">Towns</subfield><subfield code="2">LCSH</subfield><subfield code="0">41-LIBRARY_OF_CONGRESS-sh 85026130</subfield><subfield code="9">N</subfield></datafield><datafield tag="650" ind1=" " ind2="0"><subfield code="a">Urban areas</subfield><subfield code="2">LCSH</subfield><subfield code="0">41-LIBRARY_OF_CONGRESS-sh 85026130</subfield><subfield code="9">N</subfield></datafield><datafield tag="650" ind1=" " ind2="0"><subfield code="a">Urban systems</subfield><subfield code="2">LCSH</subfield><subfield code="0">41-LIBRARY_OF_CONGRESS-sh 85026130</subfield><subfield code="9">N</subfield></datafield><datafield tag="650" ind1=" " ind2="0"><subfield code="w">g</subfield><subfield code="a">Human settlements</subfield><subfield code="2">LCSH</subfield><subfield code="0">41-LIBRARY_OF_CONGRESS-sh 85026130</subfield><subfield code="9">R</subfield></datafield><datafield tag="650" ind1=" " ind2="0"><subfield code="a">Sociology, Urban</subfield><subfield code="2">LCSH</subfield><subfield code="0">41-LIBRARY_OF_CONGRESS-sh 85026130</subfield><subfield code="9">R</subfield></datafield><datafield tag="650" ind1=" " ind2="0"><subfield code="a">Cities and towns</subfield><subfield code="x">Government</subfield><subfield code="2">LCSH</subfield><subfield code="0">41-LIBRARY_OF_CONGRESS-sh 85088468</subfield><subfield code="9">N</subfield></datafield><datafield tag="650" ind1=" " ind2="0"><subfield code="a">City government</subfield><subfield code="2">LCSH</subfield><subfield code="0">41-LIBRARY_OF_CONGRESS-sh 85088468</subfield><subfield code="9">N</subfield></datafield><datafield tag="650" ind1=" " ind2="0"><subfield code="a">Municipal administration</subfield><subfield code="2">LCSH</subfield><subfield code="0">41-LIBRARY_OF_CONGRESS-sh 85088468</subfield><subfield code="9">N</subfield></datafield><datafield tag="650" ind1=" " ind2="0"><subfield code="a">Municipal reform</subfield><subfield code="2">LCSH</subfield><subfield code="0">41-LIBRARY_OF_CONGRESS-sh 85088468</subfield><subfield code="9">N</subfield></datafield><datafield tag="650" ind1=" " ind2="0"><subfield code="a">Municipalities</subfield><subfield code="2">LCSH</subfield><subfield code="0">41-LIBRARY_OF_CONGRESS-sh 85088468</subfield><subfield code="9">N</subfield></datafield><datafield tag="650" ind1=" " ind2="0"><subfield code="a">Urban politics</subfield><subfield code="2">LCSH</subfield><subfield code="0">41-LIBRARY_OF_CONGRESS-sh 85088468</subfield><subfield code="9">N</subfield></datafield><datafield tag="650" ind1=" " ind2="0"><subfield code="w">g</subfield><subfield code="a">Local government</subfield><subfield code="2">LCSH</subfield><subfield code="0">41-LIBRARY_OF_CONGRESS-sh 85088468</subfield><subfield code="9">R</subfield></datafield><datafield tag="650" ind1=" " ind2="0"><subfield code="a">Metropolitan government</subfield><subfield code="2">LCSH</subfield><subfield code="0">41-LIBRARY_OF_CONGRESS-sh 85088468</subfield><subfield code="9">R</subfield></datafield><datafield tag="650" ind1=" " ind2="0"><subfield code="a">Municipal corporations</subfield><subfield code="2">LCSH</subfield><subfield code="0">41-LIBRARY_OF_CONGRESS-sh 85088468</subfield><subfield code="9">R</subfield></datafield><datafield tag="INST" ind1=" " ind2=" "><subfield code="a">01UWI_ML</subfield><subfield code="b">E</subfield><subfield code="c">51264546270002124</subfield></datafield><datafield tag="INST" ind1=" " ind2=" "><subfield code="a">01UWI_NETWORK</subfield><subfield code="b">P</subfield><subfield code="c">71282787010002121</subfield></datafield><datafield tag="INST" ind1=" " ind2=" "><subfield code="a">01UWI_MAD</subfield><subfield code="b">P</subfield><subfield code="c">21503360210002122</subfield></datafield><datafield tag="INST" ind1=" " ind2=" "><subfield code="a">01UWI_ML</subfield><subfield code="b">P</subfield><subfield code="c">21159950460002124</subfield></datafield><datafield tag="INST" ind1=" " ind2=" "><subfield code="a">01UWI_RF</subfield><subfield code="b">P</subfield><subfield code="c">2161317400002129</subfield></datafield><datafield tag="INST" ind1=" " ind2=" "><subfield code="a">01UWI_EC</subfield><subfield code="b">P</subfield><subfield code="c">2198292510002134</subfield></datafield><datafield tag="INST" ind1=" " ind2=" "><subfield code="a">01UWI_GB</subfield><subfield code="b">P</subfield><subfield code="c">2145574650002123</subfield></datafield><datafield tag="INST" ind1=" " ind2=" "><subfield code="a">01UWI_OSH</subfield><subfield code="b">P</subfield><subfield code="c">2174612760002126</subfield></datafield><datafield tag="INST" ind1=" " ind2=" "><subfield code="a">01UWI_PL</subfield><subfield code="b">P</subfield><subfield code="c">2123316530002127</subfield></datafield><datafield tag="INST" ind1=" " ind2=" "><subfield code="a">01UWI_PLT</subfield><subfield code="b">P</subfield><subfield code="c">2134466350002128</subfield></datafield><datafield tag="INST" ind1=" " ind2=" "><subfield code="a">01UWI_2YR</subfield><subfield code="b">P</subfield><subfield code="c">2126095230002135</subfield></datafield><datafield tag="AVA" ind1=" " ind2=" "><subfield code="0">998330563602122</subfield><subfield code="8">22503358450002122</subfield><subfield code="a">01UWI_MAD</subfield><subfield code="b">WHSLIBRARY</subfield><subfield code="c">Stacks</subfield><subfield code="d">JS39 W6</subfield><subfield code="e">available</subfield><subfield code="f">169</subfield><subfield code="g">0</subfield><subfield code="j">stk</subfield><subfield code="k">0</subfield><subfield code="p">1</subfield><subfield code="q">Wisconsin Historical Society Library</subfield><subfield code="t">v.16(1916)-v.17(1917)</subfield><subfield code="t">v.18:no.1(1918:Jan)-v.18:no.7/8(1918:Jul/Aug)</subfield><subfield code="t">v.19:no.1(1919:Jan)-v.19:no.7(1919:Jul)</subfield><subfield code="t">v.20:no.1(1919:Jul)-v.20:no.3(1919:Sep)</subfield><subfield code="t">v.20:no.4(1922:Jan)</subfield><subfield code="t">v.21(1926)-v.103(2008)</subfield><subfield code="t">new ser., v.1:no.1(1924:Dec)</subfield><subfield code="t">new ser., v.2:no.1(1925:Apr)</subfield><subfield code="t">new ser., v.2:no.1(1925:Dec)</subfield></datafield><datafield tag="AVA" ind1=" " ind2=" "><subfield code="0">998330563602122</subfield><subfield code="8">22503359360002122</subfield><subfield code="a">01UWI_MAD</subfield><subfield code="b">MEMORIAL</subfield><subfield code="c">Periodicals Room, Rm. 240</subfield><subfield code="d">Current year only retained</subfield><subfield code="e">available</subfield><subfield code="f">24</subfield><subfield code="g">0</subfield><subfield code="j">per</subfield><subfield code="k">8</subfield><subfield code="p">2</subfield><subfield code="q">Memorial Library</subfield></datafield><datafield tag="AVA" ind1=" " ind2=" "><subfield code="0">993139803402124</subfield><subfield code="8">22159950450002124</subfield><subfield code="a">01UWI_ML</subfield><subfield code="b">MIL</subfield><subfield code="c">Stacks</subfield><subfield code="d">JS39 .W6</subfield><subfield code="e">available</subfield><subfield code="f">59</subfield><subfield code="g">0</subfield><subfield code="j">stk</subfield><subfield code="k">0</subfield><subfield code="p">1</subfield><subfield code="q">UW Milwaukee</subfield><subfield code="t"/><subfield code="t">v.33 (1938)-v.44,</subfield><subfield code="t">v.45:no.10,</subfield><subfield code="t">v.45:no.12-v.110 (2015)</subfield><subfield code="t">and to date</subfield></datafield><datafield tag="AVA" ind1=" " ind2=" "><subfield code="0">991605613602129</subfield><subfield code="8">2261317390002129</subfield><subfield code="a">01UWI_RF</subfield><subfield code="b">RF</subfield><subfield code="c">Journal Collection</subfield><subfield code="d">Shelved by Title</subfield><subfield code="e">check_holdings</subfield><subfield code="j">per</subfield><subfield code="k">8</subfield><subfield code="p">1</subfield><subfield code="q">Chalmer Davee Library</subfield><subfield code="t">v.66(1971)-v.87(1992)</subfield></datafield><datafield tag="AVA" ind1=" " ind2=" "><subfield code="0">993260193402134</subfield><subfield code="8">2298292500002134</subfield><subfield code="a">01UWI_EC</subfield><subfield code="b">UWEC</subfield><subfield code="c">Journals Bound (2nd floor)</subfield><subfield code="e">available</subfield><subfield code="f">34</subfield><subfield code="g">0</subfield><subfield code="j">jrnl bound</subfield><subfield code="p">1</subfield><subfield code="q">UW-Eau Claire McIntyre Library</subfield><subfield code="t">v.48 (1953) - v.92 (1997)</subfield></datafield><datafield tag="AVA" ind1=" " ind2=" "><subfield code="0">9928983402123</subfield><subfield code="8">2245574640002123</subfield><subfield code="a">01UWI_GB</subfield><subfield code="b">GB</subfield><subfield code="c">Periodicals (4th floor, left and center)</subfield><subfield code="e">available</subfield><subfield code="f">1</subfield><subfield code="g">0</subfield><subfield code="j">per</subfield><subfield code="p">1</subfield><subfield code="q">UW Green Bay</subfield><subfield code="t">v. 64 (1969) - v. 105, no. 10 (OCT 2010)   (Subscription cancelled.)</subfield></datafield><datafield tag="AVA" ind1=" " ind2=" "><subfield code="0">992963473502126</subfield><subfield code="8">2274612750002126</subfield><subfield code="a">01UWI_OSH</subfield><subfield code="b">OSH</subfield><subfield code="c">Bound Periodicals, 2nd floor South</subfield><subfield code="e">available</subfield><subfield code="f">1</subfield><subfield code="g">0</subfield><subfield code="j">per</subfield><subfield code="p">1</subfield><subfield code="q">Polk Library</subfield><subfield code="t">v. 49 (1954) - v. 54 (1959), v. 58 (1963) - v. 69 (1974), v. 72 (1977) - v. 102 (2007)</subfield></datafield><datafield tag="AVA" ind1=" " ind2=" "><subfield code="0">992192883502127</subfield><subfield code="8">2223316520002127</subfield><subfield code="a">01UWI_PL</subfield><subfield code="b">PARK</subfield><subfield code="c">Journals &amp; Magazines (Back Issues)</subfield><subfield code="d">JS39 .W6</subfield><subfield code="e">available</subfield><subfield code="f">16</subfield><subfield code="g">0</subfield><subfield code="j">backiss</subfield><subfield code="k">0</subfield><subfield code="p">1</subfield><subfield code="q">UW-Parkside Library</subfield><subfield code="t">v. 47-77 (1952-1982)</subfield></datafield><datafield tag="AVA" ind1=" " ind2=" "><subfield code="0">991458303702128</subfield><subfield code="8">2234466340002128</subfield><subfield code="a">01UWI_PLT</subfield><subfield code="b">PLATTKAR</subfield><subfield code="c">Periodicals (1st Floor)</subfield><subfield code="d">Shelved by Title,A-Z</subfield><subfield code="e">available</subfield><subfield code="f">76</subfield><subfield code="g">0</subfield><subfield code="j">per</subfield><subfield code="k">8</subfield><subfield code="p">1</subfield><subfield code="q">Elton S. Karrmann Library</subfield><subfield code="t">Retain 5 years plus current year</subfield></datafield><datafield tag="AVA" ind1=" " ind2=" "><subfield code="0">994893543402135</subfield><subfield code="8">2226095220002135</subfield><subfield code="a">01UWI_2YR</subfield><subfield code="b">COLMNT</subfield><subfield code="c">Marinette Periodicals</subfield><subfield code="d">FILED BY TITLE</subfield><subfield code="e">check_holdings</subfield><subfield code="j">mntper</subfield><subfield code="k">8</subfield><subfield code="p">1</subfield><subfield code="q">UW Colleges Marinette Library</subfield><subfield code="t">1994:June-2002:Mar.</subfield></datafield><datafield tag="PLK" ind1=" " ind2=" "><subfield code="a">Succeeds.</subfield><subfield code="b">999602716902121</subfield></datafield><datafield tag="MMS" ind1=" " ind2=" "><subfield code="b">999548594902121</subfield><subfield code="a">01UWI_NETWORK</subfield></datafield><datafield tag="MMS" ind1=" " ind2=" "><subfield code="b">998330563602122</subfield><subfield code="a">01UWI_MAD</subfield></datafield><datafield tag="MMS" ind1=" " ind2=" "><subfield code="b">993139803402124</subfield><subfield code="a">01UWI_ML</subfield></datafield><datafield tag="MMS" ind1=" " ind2=" "><subfield code="b">991605613602129</subfield><subfield code="a">01UWI_RF</subfield></datafield><datafield tag="MMS" ind1=" " ind2=" "><subfield code="b">993260193402134</subfield><subfield code="a">01UWI_EC</subfield></datafield><datafield tag="MMS" ind1=" " ind2=" "><subfield code="b">9928983402123</subfield><subfield code="a">01UWI_GB</subfield></datafield><datafield tag="MMS" ind1=" " ind2=" "><subfield code="b">992963473502126</subfield><subfield code="a">01UWI_OSH</subfield></datafield><datafield tag="MMS" ind1=" " ind2=" "><subfield code="b">992192883502127</subfield><subfield code="a">01UWI_PL</subfield></datafield><datafield tag="MMS" ind1=" " ind2=" "><subfield code="b">991458303702128</subfield><subfield code="a">01UWI_PLT</subfield></datafield><datafield tag="MMS" ind1=" " ind2=" "><subfield code="b">994893543402135</subfield><subfield code="a">01UWI_2YR</subfield></datafield><datafield tag="AVE" ind1=" " ind2=" "><subfield code="i">01UWI_ML</subfield></datafield><datafield tag="AAA" ind1="0" ind2="1"><subfield code="z">For current issues ask at circ desk.</subfield><subfield code="8">22503358450002122</subfield><subfield code="A">01UWI_MAD</subfield></datafield><datafield tag="BBB" ind1="0" ind2="1"><subfield code="x">cipr,cmh</subfield><subfield code="x">ACQ CHECK IN</subfield><subfield code="8">22503358450002122</subfield><subfield code="A">01UWI_MAD</subfield></datafield><datafield tag="BBB" ind1="8" ind2="1"><subfield code="x">CHECK-IN</subfield><subfield code="x">cipr;mk:v;bd:1v;cmh</subfield><subfield code="x">tpi:bd in last i</subfield><subfield code="x">All bound issues discarded per CTS for de-dup pgm. js 3/8/2012</subfield><subfield code="x">wd. v. 35 no. 6, v. 45-104</subfield><subfield code="8">22503359360002122</subfield><subfield code="A">01UWI_MAD</subfield></datafield><datafield tag="BBB" ind1="0" ind2="1"><subfield code="x">a40290 a182/whi</subfield><subfield code="8">22159950450002124</subfield><subfield code="A">01UWI_ML</subfield></datafield><datafield tag="BBB" ind1=" " ind2="1"><subfield code="x">Index in Dec. issue.</subfield><subfield code="8">2245574640002123</subfield><subfield code="A">01UWI_GB</subfield></datafield><datafield tag="BBB" ind1=" " ind2="1"><subfield code="x">Cancelled 2007</subfield><subfield code="8">2274612750002126</subfield><subfield code="A">01UWI_OSH</subfield></datafield><datafield tag="BBB" ind1="8" ind2="1"><subfield code="x">***602115008,AA***    NOT A MISSING COPY BANK TITLE.</subfield><subfield code="8">2234466340002128</subfield><subfield code="A">01UWI_PLT</subfield></datafield></record>
</metadata>
</record>
</ListRecords>
</OAI-PMH>